2165 2980
195 137 250 174 tae
261 126 391 174 etiam
404 122 474 173 vel
485 120 693 190 impreffae
706 122 777 173 vel
791 123 1036 189 importatae
1049 124 1102 171 ad
1112 141 1193 172 nos
1215 122 1368 179 essent,
1379 140 1424 171 vt
1442 119 1687 171 sufficerent
1706 119 1856 170 omni-

196 190 289 246 bus,
304 197 349 239 δε
367 193 490 255 quod
509 195 554 236 in
570 190 640 236 ista
663 190 874 236 breuitate
893 207 985 236 non
997 189 1206 236 omnibus
1222 190 1379 236 obuius
1392 206 1464 236 aut
1482 188 1733 254 praespicuus
1752 183 1854 234 eiset

195 258 381 302 aucstoris
395 253 997 318 sensus:rationeminiit,per
1007 257 1321 317 quamvtrique
1343 256 1442 300 huic
1461 258 1757 300 incommodo
1777 269 1855 297 oc-

195 316 455 371 curreretur,
467 319 675 366 &vtilitas
689 319 813 364 huius
825 324 968 381 operis
980 322 1031 365 ad
1045 319 1186 381 plures
1198 322 1449 365 dimanaret.
1474 322 1627 381 Itaque
1638 335 1738 364 cum
1757 317 1851 362 suos

196 383 424 447 discipulos
447 387 709 446 (quosinter
728 381 813 446 iple
833 399 1015 446 quoque
1035 399 1106 429 me
1125 384 1292 445 aliquot
1313 401 1450 429 annos
1464 385 1655 448 pueritiae
1674 380 1852 445 exegille

197 451 385 512 gaudeo)
401 465 481 494 vna
493 465 623 511 opera
636 452 679 493 &
693 450 859 510 pietatis
878 449 1135 510 cognitione
1146 450 1347 494 imbuere
1358 481 1370 500 ,
1382 453 1479 494 &m
1494 446 1596 509 stylo
1615 444 1854 493 formando

197 514 418 559 instituere
436 528 567 575 atque
586 528 782 558 exercere
802 528 955 576 magna
974 529 1075 558 cuin
1100 529 1200 559 cura
1221 515 1431 559 niteretur
1449 529 1459 558 t
1487 512 1598 558 hanc
1617 510 1853 573 aliquando

199 575 277 622 fibi
292 579 510 624 materiam
524 576 810 639 deligebat,in
832 578 1129 639 quaindustria
1146 578 1287 622 nostra
1307 592 1604 641 occuparetur.
1670 573 1855 621 Praezbat

197 658 343 688 autem
359 641 486 688 nobis
500 639 810 703 suaparaphrafi
823 658 954 706 atque
973 642 1258 705 explicatione
1278 641 1651 688 Tetrastichorum
1664 643 1708 685 B.
1722 641 1851 689 Ariae,

198 709 318 752 cuius
334 705 453 752 filum
468 709 694 768 ductumq3
707 702 930 768 sequentes
943 708 987 750 in
1000 708 1234 770 pangendis
1256 705 1443 752 versibus
1462 723 1543 752 nos
1562 703 1850 768 quothebdo-

200 773 334 816 madis
346 787 654 817 exerceremus.
724 772 844 834 Saepe
863 774 993 817 etiam
1012 772 1079 816 vel
1092 771 1207 816 luam
1221 770 1286 816 vel
1305 770 1479 816 alicuius
1500 787 1548 816 ex
1561 769 1849 832 prouectiori-

200 833 280 881 bus
293 834 503 898 discipulis
518 840 668 898 (quem
681 832 804 879 fimul
815 836 1052 882 verborum
1067 836 1240 882 honore
1251 832 1479 887 afficiebat,
1494 831 1743 881 &laudibus
1754 848 1849 878 tan-

199 916 332 962 quam
344 900 519 945 stimulis
532 899 770 958 excitabat)
781 899 1126 946 elaborationem
1140 917 1219 963 pro
1232 901 1519 963 paradigmate
1534 899 1661 945 nobis
1685 915 1849 961 propo-

199 963 347 1017 nebat,
359 966 404 1009 in
422 966 544 1027 quod
560 968 796 1014 intuentes,
807 964 1189 1027 quidiequendum
1202 963 1514 1027 fugiendumve
1528 962 1627 1010 effer
1638 1000 1646 1017 ,
1657 964 1847 1008 animad-

198 1042 484 1077 uerteremus.
553 1031 652 1091 Qa
672 1028 891 1089 diligentia
909 1033 970 1073 vir
983 1044 1071 1093 opt.
1084 1035 1127 1075 ὃς
1150 1031 1345 1091 magister
1362 1025 1630 1075 fidelissimus
1643 1029 1849 1074 hoccon-

197 1091 608 1156 sequebatur,quod
622 1092 812 1148 volebat,
831 1096 990 1140 nimirfi
1009 1109 1052 1140 vt
1073 1095 1202 1139 etiam
1222 1095 1298 1155 qui
1311 1111 1403 1140 non
1415 1091 1580 1139 effenta
1592 1108 1741 1138 natura
1760 1108 1850 1136 ma-

200 1172 395 1221 gnopere
421 1159 610 1204 instruCti
629 1157 828 1205 facultate
849 1156 1268 1205 scribendicarminis
1281 1157 1489 1221 ,aliquam
1504 1153 1580 1203 fibi
1593 1173 1740 1203 tamen
1751 1158 1849 1201 artis

199 1223 384 1285 poeticae
403 1224 600 1284 peritiam
624 1239 1116 1284 compararent,omnes
1130 1240 1233 1269 vero
1243 1224 1295 1268 ad
1306 1223 1513 1268 sacrarum
1535 1222 1780 1275 literarum,
1801 1237 1850 1266 ex

200 1285 450 1349 quibusillae
462 1290 650 1332 materiae
662 1286 748 1348 styli
763 1287 894 1333 effent
922 1289 1182 1351 depromtae‚
1203 1287 1440 1333 lectionem
1453 1291 1498 1333 &
1515 1303 1714 1333 amorem
1736 1288 1850 1332 inui-

201 1364 405 1397 tarentur.
475 1353 559 1397 Sed
574 1351 645 1396 has
655 1351 739 1396 alia*
751 1369 932 1415 quoque
942 1354 1109 1399 ratione
1119 1349 1198 1398 suis
1211 1350 1420 1414 discipulis
1432 1351 1657 1397 familiares
1669 1351 1850 1397 reddere

200 1413 609 1478 vitreligiofiffimus
623 1416 941 1470 studebat‚cum
959 1418 1231 1480 quotidianas
1247 1417 1437 1463 docendi
1455 1433 1607 1479 operas
1619 1417 1752 1478 (quas
1774 1413 1851 1461 fibi

200 1494 294 1526 non
309 1478 383 1525 nisi
393 1478 677 1543 agrauiffimis
691 1481 857 1527 morbis
877 1483 1138 1545 interrumpi
1148 1496 1220 1527 aut
1231 1482 1431 1543 impediri
1449 1480 1707 1545 patiebatur)
1720 1498 1741 1527 a
1753 1479 1854 1526 bre-

201 1545 245 1590 ui
257 1559 303 1590 ac
322 1542 547 1591 summaria
566 1544 850 1608 explicatione
869 1548 993 1592 vnius
1012 1548 1158 1607 capitis
1179 1545 1424 1592 Bibliorum
1437 1547 1579 1609 ,quod
1591 1544 1780 1607 aliquem
1802 1561 1852 1590 ex

202 1606 509 1671 discipulorum
523 1624 638 1655 coetu
650 1608 758 1656 clara
765 1627 872 1657 voce
883 1612 1061 1658 recitare
1071 1610 1267 1663 iubebat,
1279 1612 1507 1657 ordiretur.
1540 1612 1738 1674 Dignum
1750 1626 1852 1673 pro-

200 1670 320 1719 festo
339 1673 613 1738 exemplum,
627 1674 749 1736 quod
768 1691 926 1722 omnes
939 1708 952 1728 ,
973 1691 1164 1738 quorum
1187 1673 1288 1722 fidei
1306 1676 1543 1721 iuuentutis
1561 1676 1774 1721 institutio
1793 1675 1853 1720 est

202 1739 463 1793 concredita,
475 1736 721 1800 sequantur,
734 1755 834 1784 nam
855 1755 900 1786 vt
911 1742 1063 1786 ceteris
1074 1741 1119 1785 in
1130 1740 1280 1795 rebus,
1292 1737 1344 1786 fic
1356 1741 1400 1785 in
1418 1738 1530 1785 hisce
1547 1741 1714 1803 pietatis
1734 1756 1852 1785 exer-

201 1803 310 1849 citiis
322 1802 452 1850 refert
464 1798 717 1865 plurimum,
727 1821 818 1866 quo
831 1804 958 1867 padre
968 1821 990 1850 a
1001 1807 1159 1851 teneris
1169 1801 1357 1851 aisuefias
1369 1803 1456 1858 ,vel
1466 1807 1613 1868 potius
1624 1806 1669 1849 in
1681 1821 1735 1850 eo
1757 1803 1853 1850 sunt

201 1869 365 1913 omnia.
431 1869 550 1914 Raro
560 1870 722 1931 quippe
733 1870 808 1930 qui
819 1870 863 1914 in
876 1870 1014 1931 prima
1025 1883 1146 1915 aetate
1158 1886 1180 1914 a
1191 1871 1357 1932 pietatis
1369 1870 1575 1915 exercitiis
1591 1867 1754 1914 alienus
1764 1884 1851 1930 atq;

198 1929 366 1977 auersus
379 1926 460 1977 fuit
470 1967 480 1985 ,
496 1932 665 1978 adultus
677 1948 829 1978 eorum
843 1949 1041 1979 amorem
1053 1935 1179 1980 conci
1216 1935 1247 1979 it
1258 1951 1268 1979 t
1281 1936 1399 1980 Raro
1409 1935 1538 1980 etiam
1551 1970 1561 1989 ,
1572 1936 1647 1997 qui
1657 1933 1727 1980 illa
1747 1948 1853 1980 tunc

199 1993 388 2043 libenter
398 1995 707 2059 frequentauit,
718 1998 864 2062 postea
872 1997 1018 2045 abiicit
1030 2012 1103 2045 aut
1113 1950 1279 2046 desierit:

431 2118 511 2187 Et
525 2114 745 2211 studiis
758 2142 960 2189 mores
975 2120 1419 2190 conuenienter
1432 2137 1606 2190 eunt.
1631 2152 1633 2154 ·

332 2269 454 2317 Cum
483 2269 613 2334 igitur
638 2266 726 2318 hoc
754 2268 1010 2335 opusculum
1031 2268 1120 2318 aliis
1146 2287 1327 2335 quoque
1348 2269 1628 2335 profuturum
1653 2269 1860 2318 existima-

201 2349 314 2387 rem,
327 2351 407 2381 nec
419 2334 498 2381 illis
510 2338 777 2398 tantum,qui
789 2338 833 2381 in
846 2333 1000 2383 scholis
1013 2338 1064 2383 ad
1075 2334 1231 2383 fimiles
1242 2334 1333 2382 vsus
1345 2335 1451 2381 illud
1471 2335 1682 2399 applicare
1693 2334 1862 2387 volent,

195 2413 353 2447 vetum
369 2401 498 2445 etiam
514 2398 679 2463 his,qui
692 2403 736 2446 in
748 2399 861 2447 ἦκτο
876 2402 1113 2448 ministerio
1126 2416 1197 2447 aut
1216 2403 1261 2445 in
1282 2400 1501 2464 republica
1520 2401 1730 2447 versantes
1749 2402 1790 2445 id
1802 2399 1862 2446 le-

198 2461 412 2510 cumbunt
427 2466 561 2522 (nam,
575 2480 618 2511 vt
629 2462 749 2529 supra
769 2465 970 2512 dicebam
986 2499 996 2517 ,
1013 2482 1062 2513 ex
1081 2467 1262 2512 Dauidis
1282 2468 1367 2512 vita
1385 2467 1520 2512 cuiuis
1534 2464 1770 2511 hominurn
1789 2479 1865 2527 ge-

196 2529 292 2576 neri
301 2527 404 2578 licet
413 2528 591 2594 aliquid,
602 2533 726 2595 quod
736 2528 816 2578 fibi
828 2528 916 2581 vsui
926 2529 974 2578 fit
986 2530 1188 2590 haurire)
1203 2531 1362 2578 diutius
1376 2529 1483 2577 illud
1499 2528 1765 2596 supprimere
1783 2545 1867 2575 no-
